@article{FRASER2013,
author="Fraser G and Arcuri A",
title="Whole Test Suite Generation",
journal="IEEE Transactions on Software Engineering",
volume="39",
number="2",
pages="276-291",
year="2013",
}

@article{BARR2015,
author="Barr E T and Harman M and McMinn P and Shahbaz M and Yoo S",
title="The Oracle Problem in Software Testing: A Survey",
journal="IEEE Transactions on Software Engineering",
volume="41",
number="5",
pages="507-525",
year="2015",
}

@article{FRASER2014,
author="Fraser G and Arcuri A",
title="On the Effectiveness of Whole Test Suite Generation",
journal="Search-Based Software Engineering",
volume="8636",
pages="1-15",
year="2014",
}

@article{FRASER2015,
author="Fraser G and Arcuri A",
title="Achieving Scalable Mutation-Based Generation of Whole Test Suites",
journal="Empirical Software Engineering (EMSE)",
volume="20",
number="3",
pages="783-812",
year="2015",
}

@misc{JUNIT,
title="JUnit - About",
howpublished="\url{http://junit.org}",
note="Accessed: 2016-04-09",
}

@misc{EVOSUITECLI,
title="EvoSuite - Documentation - Commandline",
howpublished="\url{http://www.evosuite.org/documentation/commandline}",
note="Accessed: 2016-04-09",
}

@misc{COBERTURA,
title="Cobertura - A code coverage utility for Java",
howpublished="\url{http://cobertura.github.io/cobertura}",
note="Accessed: 2016-04-09",
}

@misc{CYCLEX,
title="What is Cyclomatic Complexity?",
howpublished="\url{http://www.tutorialspoint.com/software_testing_dictionary/cyclomatic_complexity.htm}",
note="Accessed: 2016-04-10"
}

@book{VENNERS2008,
author="Venners B and Spoon L and Odersky M",
title="Programming in Scala",
publisher="Artima",
year="2008",
}

@book{SUBRAMANIAM2008,
author="Subramaniam V",
title="Programming Groovy",
publisher="O'Reilly - O'Reilly Media",
year="2008",
}

@book{DEKKING2005,
author="Dekking F M and Kraaikamp C and Lopuhaa H P and Meester L E",
title="A Modern Introduction to Probability and Statistics",
publisher="Springer",
year="2005",
}